@URL {Authentication Types for Wireless Devices,
    author   = "Cisco",
    year     = "2009",
    crossref = "http://www.cisco.com/c/en/us/td/docs/routers/access/wireless/software/guide/SecurityAuthenticationTypes.html#wp1035341"
}
